@IEEEtranBSTCTL{IEEEexample:BSTcontrol,
CTLdash_repeated_names= "no",
}

@article{prashanth2015rdsa,
  title={{Adaptive system optimization using random directions stochastic approximation}},
  author={Prashanth, L.A. and Shalabh Bhatnagar and  Michael Fu and Steve Marcus},
  journal={arXiv preprint arXiv:1307.3176v2},
  year={2014}
}
@article{spall_adaptive,
author = {J. C. Spall},
title = {{Adaptive stochastic approximation by the simultaneous perturbation method}},
journal = {IEEE Trans. Autom. Contr.},
volume =  {45},
year = {2000},
pages = {1839--1853}
}

